@misc{mildenhall2020nerf,
      title={NeRF: Representing Scenes as Neural Radiance Fields for View Synthesis}, 
      author={Ben Mildenhall and Pratul P. Srinivasan and Matthew Tancik and Jonathan T. Barron and Ravi Ramamoorthi and Ren Ng},
      year={2020},
      eprint={2003.08934},
      archivePrefix={arXiv},
      primaryClass={cs.CV}
}
@misc{rahaman2019spectral,
      title={On the Spectral Bias of Neural Networks}, 
      author={Nasim Rahaman and Aristide Baratin and Devansh Arpit and Felix Draxler and Min Lin and Fred A. Hamprecht and Yoshua Bengio and Aaron Courville},
      year={2019},
      eprint={1806.08734},
      archivePrefix={arXiv},
      primaryClass={stat.ML}
}
@misc{tancik2020fourier,
      title={Fourier Features Let Networks Learn High Frequency Functions in Low Dimensional Domains}, 
      author={Matthew Tancik and Pratul P. Srinivasan and Ben Mildenhall and Sara Fridovich-Keil and Nithin Raghavan and Utkarsh Singhal and Ravi Ramamoorthi and Jonathan T. Barron and Ren Ng},
      year={2020},
      eprint={2006.10739},
      archivePrefix={arXiv},
      primaryClass={cs.CV}
}